<?xml version="1.0" encoding="UTF-8"?><collection xmlns="http://www.loc.gov/MARC21/slim"><record><leader>00450nam--2200181-i-4500</leader><controlfield tag="001">000001574</controlfield><controlfield tag="002">20161230</controlfield><controlfield tag="005">20161230201024</controlfield><controlfield tag="008">060222s1000------------r-----000-0-fre-d</controlfield><datafield ind1=" " ind2=" " tag="040"><subfield code="a">IFIN-HH</subfield></datafield><datafield ind1=" " ind2=" " tag="041"><subfield code="a">fre</subfield></datafield><datafield ind1=" " ind2=" " tag="080"><subfield code="a">519.211</subfield></datafield><datafield ind1="1" ind2=" " tag="100"><subfield code="a">Frechet</subfield></datafield><datafield ind1="1" ind2="0" tag="245"><subfield code="a">Le calcul des probabilities a la portee de tous</subfield><subfield code="c">Frechet halbwachs</subfield></datafield><datafield ind1=" " ind2=" " tag="260"><subfield code="a">Paris</subfield><subfield code="b">Dunod</subfield><subfield code="c">1924</subfield></datafield><datafield ind1="1" ind2=" " tag="700"><subfield code="a">Halbwachs</subfield></datafield><datafield ind1=" " ind2=" " tag="852"><subfield code="a">44461</subfield><subfield code="c">H.H</subfield></datafield><datafield ind1=" " ind2=" " tag="CAT"><subfield code="a">Sys</subfield><subfield code="c">20130405</subfield><subfield code="h">134816</subfield></datafield></record></collection>